@book{handbuch,
  author    = "Clare Maxwell-Hudson",
  title     = "Das große Handbuch der Massage~-- Mit leicht verständlichen Anleitungen zum Erlernen der wichtigsten Massagetechniken (The Complete Book of Massage)",
  publisher = "Weltbild Verlag",
  year      = "1996",
  address   = "Augsburg",
  note      = "Dieses Buch beschreibt ausführlich und mit vielen Abbildungen Partnermassage, Selbstmassage, Massage von Säuglingen und Kindern und Shiatsu. Es ist sehr gut verständlich und nett zu lesen.  Diese Ausgabe ist allerdings nicht mehr erhältlich; die Nachfolgeausgabe geht zusätzlich noch auf Aromatherapie ein."
}

@book{praxis,
  author    = "Fiona Harrold",
  title     = "Das große Massage Praxisbuch~-- Die Techniken Step by Step, Von Kopf bis Fuß (The Massage Manual)",
  publisher = "Orbis Verlag",
  year      = "2001",
  address   = "München",
  note      = "Ebenfalls ein Buch mit vielen Abbildungen und Erklärungen. Es behandelt nur Standard-Partnermassage. Ich habe es bisher nur überflogen, aber es scheint ganz brauchbar zu sein."
}

@book{erotic,
  author    = "Janet Wright",
  title     = "Erotic Massage~-- Von der Magie der Berührung (Erotic Massage)",
  publisher = "Gondrom Verlag",
  year      = "1997",
  address   = "München",
  note      = "Dieses Buch stellt mit sehr vielen Abbildungen und wenig Text die grundlegenden Massagetechniken für die Partnermassage vor. Es geht jedoch kaum auf Massagetechniken ein, die über das Standardrepertoire nicht-erotischer Massage hinausgehen. Außerdem vermittelt es den Eindruck, auf Teufel komm raus mit dem Lockmittel der Erotik die Massage auch denjenigen nahe bringen zu wollen, die damit bisher wenig anfangen konnten."
}

@book{duefte,
  author    = "Susanne Fischer-Rizzi",
  title     = "Himmlische Düfte: Aromatherapie~-- Anwendung wohlriechender Pflanzenessenzen und ihre Wirkung auf Körper und Seele",
  publisher = "Hugendubel",
  edition   = "8.",
  year      = "1992",
  address   = "München",
  note      = "Ein himmlisches Buch über himmlische Düfte. Sehr ausführlich, wie ein Märchen zu lesen (und trotzdem durchaus ernst zu nehmen) und wunderschön bebildert. Es beschreibt die verschiedenen Öle und Substanzen, ihre Herstellung und Anwendung."
}
